<record><leader>00000cas a22000007a 4500</leader><controlfield tag="001">27901721</controlfield><controlfield tag="008">930412d19571983njuwr ne      0    0eng d</controlfield><datafield ind1=" " ind2=" " tag="010"><subfield code="a">sn 93060912 </subfield></datafield><datafield ind1=" " ind2=" " tag="040"><subfield code="a">NJW</subfield><subfield code="b">eng</subfield><subfield code="c">NJW</subfield><subfield code="d">OCL</subfield><subfield code="d">OCLCQ</subfield></datafield><datafield ind1="0" ind2="0" tag="245"><subfield code="a">Hoboken pictorial.</subfield></datafield><datafield ind1=" " ind2=" " tag="260"><subfield code="a">Hoboken, N.J. :</subfield><subfield code="b">West New Yorker, Inc.</subfield></datafield><datafield ind1=" " ind2=" " tag="300"><subfield code="a">v.</subfield></datafield><datafield ind1=" " ind2=" " tag="310"><subfield code="a">Weekly</subfield></datafield><datafield ind1="1" ind2=" " tag="362"><subfield code="a">Began in 1957; ceased in Sept. 1983.</subfield></datafield><datafield ind1=" " ind2=" " tag="500"><subfield code="a">Subtitle: The Weekend Family Pictorial Newspaper.</subfield></datafield><datafield ind1=" " ind2=" " tag="588"><subfield code="a">Description based on: Vol. 2, no. 6 (Jan. 8, 1960).</subfield></datafield><datafield ind1=" " ind2=" " tag="752"><subfield code="a">United States</subfield><subfield code="b">New Jersey</subfield><subfield code="c">Hudson</subfield><subfield code="d">Hoboken.</subfield></datafield><datafield ind1="0" ind2="4" tag="785"><subfield code="t">Hoboken reporter</subfield><subfield code="w">(DLC)sn 89069083</subfield><subfield code="w">(OCoLC)19087830</subfield></datafield></record>